% This file was created with JabRef 2.9.2.
% Encoding: ISO8859_1

@ARTICLE{Baye2015,
  author = {Daniel Baye},
  title = {The {L}agrange mesh method},
  journal = {Physics Reports},
  year = {2015},
  volume = {565},
  pages = {1-107},
}

@ARTICLE{Choi2015,
  author = {Sunghwan Choi and Kwanghoo Hong and Jaewook Kim and Woo Youn Kim},
  title = {Accuracy of {L}agrange-sinc functions as a basis set for electronic
	structure calculations of atoms and molecules},
  journal = {J. Chem. Phys.},
  year = {2015},
  volume = {142},
  pages = {094116},
}

@ARTICLE{Choi2016,
  author = {Sunghwan Choi and Oh-Kyoung Kwon and Jaewook Kim and Woo Youn Kim},
  title = {Performance of heterogeneous computing with graphics processing unit
	and many integrated core for Hartree potential calculations on numerical
	grid},
  journal = {J. Comput. Chem.},
  year = {2016},
  volume = {XX},
  pages = {XX},
}

@ARTICLE{Kang2016,
  author = {Sungwoo Kang and Seongok Ryu and Sunghwan Choi and Jaewook Kim and
	Kwanghoo Hong and Woo Youn Kim},
  title = {Update to ACE-Molecule: Projector augmented wave method on Lagrange-sinc
	basis set},
  journal = {Int. J. Quant. Chem},
  year = {2016},
  volume = {116},
  pages = {644-650},
}

@ARTICLE{Kim2015,
  author = {Jaewook Kim and Kwanghoo Hong and Sunghwan Choi and Sang-Yeon Hwang
	and Woo Youn Kim},
  title = {Configuration interaction singles based on the real-space numerical
	grid method: Kohn-Sham versus Hartree-Fock orbitals},
  journal = {Phys. Chem. Chem. Phys.},
  year = {2015},
  volume = {17},
  pages = {31434-31443},
}

@ARTICLE{HeeSeungLee2008,
  author = {Hee-Seung Lee and Mark E. Tuckerman},
  title = {Efficient solution of Poisson's equation using discrete variable
	representation basis sets for Car-Parrinello ab initio molecular
	dynamics simulations with cluster boundary condition},
  journal = {J. Chem. Phys.},
  year = {2008},
  volume = {129},
  pages = {224108},
  owner = {efefer},
  timestamp = {2017.06.26}
}

@ARTICLE{HeeSeungLee2006,
  author = {Hee-Seung Lee and Mark E. Tuckerman},
  title = {Ab initio molecular dynamics with discrete variable representation
	basis sets: techniques and application to liquid water},
  journal = {J. Phys. Chem. A},
  year = {2006},
  volume = {110},
  pages = {5549-5560},
  owner = {efefer},
  timestamp = {2015.12.26}
}

@ARTICLE{HeeSeungLee2005,
  author = {Hee-Seung Lee and Mark E. Tuckerman and Glenn J. Martyna},
  title = {Efficient evaluation of nonlocal pseudopotentials via Euler exponential
	spline interpolation},
  journal = {ChemPhysChem},
  year = {2005},
  volume = {6},
  pages = {1827-1835},
  owner = {efefer},
  timestamp = {2017.06.26}
}

@ARTICLE{Lim2016b,
  author = {Jaechang Lim and Sunghwan Choi and Sungwoo Kang and Jaewook Kim and
	Kwanghoo Hong and Woo Youn Kim},
  title = {Improvement of initial guess via grid-cutting for efficient grid-based
	density functional calculations},
  journal = {Int. J. Quant. Chem},
  year = {2016},
  volume = {XX},
  pages = {XX},
  owner = {efefer},
  timestamp = {2017.06.26}
}

@ARTICLE{Lim2016a,
  author = {Jaechang Lim and Sunghwan Choi and Jaewook Kim and Woo Youn Kim},
  title = {Outstanding performance of configuration interactions singles and
	doubles using exact exchange Kohn-Sham orbitals in real-space numerical
	grid method},
  journal = {J. Chem. Phys.},
  year = {2016},
  volume = {145},
  pages = {224309},
  owner = {efefer},
  timestamp = {2017.06.26}
}

@ARTICLE{Liu2003,
  author = {Liu, Yi and Yarne, Dawn A. and Tuckerman, Mark E.},
  title = {\textit{Ab initio} molecular dynamics calculations with simple, localized,
	orthonormal real-space basis sets},
  journal = {Phys. Rev. B},
  year = {2003},
  volume = {68},
  pages = {125110},
  month = {Sep},
  doi = {10.1103/PhysRevB.68.125110},
  issue = {12},
  numpages = {8},
  publisher = {American Physical Society},
  url = {http://link.aps.org/doi/10.1103/PhysRevB.68.125110}
}

@ARTICLE{Ma2010,
  author = {Zhonghua Ma and Mark E. Tuckerman},
  title = {Constant pressure ab initio molecular dynamics with discrete variable
	representation basis sets},
  journal = {J. Chem. Phys.},
  year = {2010},
  volume = {133},
  pages = {184110},
}

@ARTICLE{Ryu2016,
  author = {Seongok Ryu and Sunghwan Choi and Kwanghoo Hong and Woo Youn Kim},
  title = {Supersampling method for Efficient grid-based electronic structure
	calculations},
  journal = {J. Chem. Phys.},
  year = {2016},
  volume = {144},
  pages = {094101},
}

